@book{2001Introduction,
  title={Introduction to algorithms, third edition Thomas H. Cormen, Charles E. Leiserson, Ronald L. Rivest, Clifford Stein},
  author={ Cormen, T. H.  and  Leiserson, C. E.  and  Rivest, R. L.  and  Stein, C. },
  journal={Journal of the Operational Research Society},
  volume={42},
  number={9},
  year={2001},
}
@article{CDQ,
  title={从《cash》谈一类分治算法的应用基于连通性状态压缩的动态规划问题},
  school={长沙市雅礼中学},
  author={陈丹琦},
  year={2008},
}
@article{CDQ2,
  title={基于连通性状态压缩的动态规划问题},
  school={长沙市雅礼中学},
  author={陈丹琦},
  year={2008},
}

@book{Li,
  title={算法竞赛进阶指南},
  author={李煜东},
  publisher={河南电子音像出版社},
  year={2018},
}

@inproceedings{yao1980efficient,
  title={Efficient dynamic programming using quadrangle inequalities},
  author={Yao, F Frances},
  booktitle={Proceedings of the twelfth annual ACM symposium on Theory of computing},
  pages={429--435},
  year={1980}
}

@book{2005C,
  title={C++ primer},
  author={ Lippman, S. B.  and  Lajoie, J. },
  publisher={C++ primer},
  year={2005},
}